% bibliography.bib — add your BibTeX entries here.


@misc{langstaff_zenodo_16908311,
  author    = {Langstaff, Christopher M.},
  title     = {Temporal Relativity — Entropy Clock (placeholder)},
  year      = {2025},
  doi       = {10.5281/zenodo.16908311},
  url       = {https://doi.org/10.5281/zenodo.16908311},
  note      = {Placeholder entry added automatically.}
}

@article{buckingham1914,
  author    = {E. Buckingham},
  title     = {On physically similar systems; illustrations of the use of dimensional equations},
  journal   = {Philosophical Magazine},
  year      = {1914},
  volume    = {27},
  number    = {160},
  pages     = {445--455},
  doi       = {10.1080/14786440408635115}
}

@book{barenblatt1996,
  author    = {G. I. Barenblatt},
  title     = {Scaling, Self-similarity, and Intermediate Asymptotics},
  publisher = {Cambridge University Press},
  year      = {1996},
  address   = {Cambridge},
  isbn      = {978-0521435222}
}

@article{wilson1971,
  author    = {K. G. Wilson},
  title     = {Renormalization group and critical phenomena. I. Renormalization group and the Kadanoff scaling picture},
  journal   = {Physical Review B},
  year      = {1971},
  volume    = {4},
  number    = {9},
  pages     = {3174--3183},
  doi       = {10.1103/PhysRevB.4.3174}
}

@article{duff2002trialogue,
  author    = {M. J. Duff and L. B. Okun and G. Veneziano},
  title     = {Trialogue on the number of fundamental constants},
  journal   = {Journal of High Energy Physics},
  year      = {2002},
  volume    = {03},
  pages     = {023},
  doi       = {10.1088/1126-6708/2002/03/023}
}

@article{hogg1999,
  author    = {D. W. Hogg},
  title     = {Distance measures in cosmology},
  journal   = {arXiv Astrophysics e-prints},
  eprint    = {astro-ph/9905116},
  year      = {1999},
  url       = {https://arxiv.org/abs/astro-ph/9905116}
}

@article{eisenstein1998,
  author    = {D. J. Eisenstein and W. Hu},
  title     = {Baryonic Features in the Matter Transfer Function},
  journal   = {The Astrophysical Journal},
  year      = {1998},
  volume    = {496},
  number    = {2},
  pages     = {605--614},
  doi       = {10.1086/305424}
}

@article{husugiyama1996,
  author    = {W. Hu and N. Sugiyama},
  title     = {Small-scale cosmological perturbations: an analytic approach},
  journal   = {The Astrophysical Journal},
  year      = {1996},
  volume    = {471},
  pages     = {542--570},
  doi       = {10.1086/177989}
}

@book{dodelson2003,
  author    = {S. Dodelson},
  title     = {Modern Cosmology},
  publisher = {Academic Press},
  year      = {2003},
  address   = {Amsterdam},
  isbn      = {978-0122191411}
}

@article{planck2018params,
  author    = {Planck Collaboration},
  title     = {Planck 2018 results. VI. Cosmological parameters},
  journal   = {Astronomy \& Astrophysics},
  year      = {2020},
  volume    = {641},
  pages     = {A6},
  doi       = {10.1051/0004-6361/201833910}
}

@article{fixsen2009,
  author    = {D. J. Fixsen},
  title     = {The Temperature of the Cosmic Microwave Background},
  journal   = {The Astrophysical Journal},
  year      = {2009},
  volume    = {707},
  number    = {2},
  pages     = {916--920},
  doi       = {10.1088/0004-637X/707/2/916}
}

@article{alam2017bossdr12,
  author    = {S. Alam and M. Ata and S. Bailey and F. Beutler and D. Bizyaev and J. A. Blazek and others},
  title     = {The clustering of galaxies in the completed SDSS-III Baryon Oscillation Spectroscopic Survey: cosmological analysis of the DR12 galaxy sample},
  journal   = {Monthly Notices of the Royal Astronomical Society},
  year      = {2017},
  volume    = {470},
  number    = {3},
  pages     = {2617--2652},
  doi       = {10.1093/mnras/stx721}
}

@article{bautista2021ebosslrg,
  author    = {J. E. Bautista and M. P. Alam and S. Aubert and D. Bizyaev and J. R. Brownstein and et al.},
  title     = {The Completed SDSS-IV extended Baryon Oscillation Spectroscopic Survey: BAO measurements from Luminous Red Galaxies},
  journal   = {Monthly Notices of the Royal Astronomical Society},
  year      = {2021},
  volume    = {500},
  number    = {1},
  pages     = {736--762},
  doi       = {10.1093/mnras/staa2800}
}

@book{livio2002golden,
  author    = {M. Livio},
  title     = {The Golden Ratio: The Story of Phi, the World's Most Astonishing Number},
  publisher = {Broadway Books},
  year      = {2002},
  address   = {New York},
  isbn      = {978-0767908160}
}

@book{jean1994phyllotaxis,
  author    = {R.-V. Jean},
  title     = {Phyllotaxis: A Systemic Study in Plant Morphogenesis},
  publisher = {Cambridge University Press},
  year      = {1994},
  address   = {Cambridge},
  isbn      = {978-0521450263}
}
